<record><leader>00000cas a22000007a 4500</leader><controlfield tag="001">17659989</controlfield><controlfield tag="008">880322d19791983txudr ne      0    0eng d</controlfield><datafield ind1=" " ind2=" " tag="010"><subfield code="a">sn 88083154 </subfield></datafield><datafield ind1=" " ind2=" " tag="040"><subfield code="a">PPM</subfield><subfield code="b">eng</subfield><subfield code="c">PPM</subfield><subfield code="d">OCLCQ</subfield></datafield><datafield ind1=" " ind2=" " tag="042"><subfield code="a">msc</subfield></datafield><datafield ind1="0" ind2=" " tag="130"><subfield code="a">Daily leader (Lewisville, Tex.)</subfield></datafield><datafield ind1="1" ind2="4" tag="245"><subfield code="a">The daily leader.</subfield></datafield><datafield ind1=" " ind2=" " tag="260"><subfield code="a">Lewisville, Tex. :</subfield><subfield code="b">Walt Wilson,</subfield><subfield code="c">1979-1983.</subfield></datafield><datafield ind1=" " ind2=" " tag="310"><subfield code="a">Daily</subfield></datafield><datafield ind1="0" ind2=" " tag="362"><subfield code="a">Vol. 85, no. 98 (July 15, 1979)-v. 88, no. 249 (Feb. 4, 1983).</subfield></datafield><datafield ind1=" " ind2=" " tag="752"><subfield code="a">United States</subfield><subfield code="b">Texas</subfield><subfield code="c">Denton</subfield><subfield code="d">Lewisville.</subfield></datafield><datafield ind1="0" ind2="0" tag="780"><subfield code="t">Lewisville daily leader</subfield></datafield><datafield ind1="0" ind2="0" tag="785"><subfield code="t">Lewisville daily leader</subfield></datafield></record>